00597cas a22002291a 4500
001 999311883502836
003 Nz
005 20160321142724.0
008 040109d19831983nz  r ne      0   0 eng  
035    $a (Nz)8177886
035    $a (NLNZils)931188
035    $a (NLNZils)931188-ilsdb
035    $a (OCoLC)173422572
040    $a NZNB $c NZNB
042    $a nznb
043    $a u-nz---
245 00 $a Petone news.
260    $a [Petone, N.Z. : $b s.n., $c 1983]
310    $a Weekly
362 0  $a 1983 Jul.6-1983 Dec.21
651  0 $a Petone (Lower Hutt, N.Z.) $v Newspapers.
655  7 $a New Zealand newspapers. $2 local $5 Nz
